@inproceedings{krka:icsa2010:inference,
    author = {Krka, Ivo and Brun, Yuriy and Popescu, Daniel and Garcia, Joshua and Medvidovic, Nenad},
    title = {{Using Dynamic Execution Traces and Program Invariants to Enhance Behavioral Model Inference}},
    booktitle = {{Proceedings of the International Conference on Software Engineering (ICSE)}},
    year = {2010},
    location = {Cape Town, South Africa},
    pages = {179--182},
    numpages = {4},
    publisher = {{ACM}},
    address = {New York, NY, USA},
}

@inproceedings{csallner:icse2008:dysy,
    author = {Csallner, Christoph and Tillmann, Nikolai and Smaragdakis, Yannis},
    title = {{DySy: Dynamic Symbolic Execution for Invariant Inference}},
    booktitle = {{Proceedings of the International Conference on Software Engineering (ICSE)}},
    year = {2008},
    location = {Leipzig, DE},
    pages = {281--290},
    numpages = {10},
    publisher = {{ACM}},
    address = {New York, NY, USA},
}

@inproceedings{chipounov:asplos2011:s2e,
    author = {Vitaly Chipounov and Volodymyr Kuznetsov and George Candea},
    title = {{S2E: A Platform for In-Vivo Multi-Path Analysis of Software Systems}},
    booktitle = {{Proceedings of the International Conference on Architectural Support for Programming Languages and Operating Systems (ASPLOS)}},
    location = {Newport Beach, CA, USA},
    month = {March},
    year = {2011},
}

@misc{heffner:dlink-dir100,
    author = {Craig Heffner},
    howpublished = {\url{http://www.devttys0.com/2013/10/reverse-engineering-a-d-link-backdoor/}},
    year = {2013},
    month = {October},
}

@inproceedings{cova:swaddler,
    author = {{Marco Cova and Davide Balzarotti and Viktoria Felmetsger and Giovanni Vigna}},
    title = {{Swaddler: An Approach for the Anomaly-based Detection of State Violations in Web Applications}},
    booktitle = {{Proceedings of the International Symposium on Recent Advances in Intrusion Detection}},
    year = {2007}
}

@inproceedings{baliga:gibraltar,
  title = {{Automatic Inference and Enforcement of Kernel Data Structure Invariants}},
  author = {Baliga, A. and Ganapathy, V. and Iftode, L.},
  booktitle = {{Proceedings of the Annual Computer Security Applications Conference}},
  pages = {77--86},
  year = {2008},
}

@inproceedings{kruegel:sec2004:disasm,
    author = {Christopher Kruegel and William Robertson and Fredrik Valeur and Giovanni Vigna},
    title = {{Static Disassembly of Obfuscated Binaries}},
    booktitle = {{Proceedings of the USENIX Security Symposium}},
    month = {August},
    year = {2004},
    address = {San Diego, CA, USA},
    publisher = {{USENIX Association}},
}

@inproceedings{kruegel:raid2005:worm,
    author = {Christopher Kruegel and Engin Kirda and Darren Mutz and William Robertson and Giovanni Vigna},
    title = {{Polymorphic Worm Detection Using Structural Information of Executables}},
    booktitle = {{Proceedings of the International Symposium on Recent Advances in Intrusion Detection (RAID)}},
    year = {2005},
    address = {Seattle, WA, USA},
    publisher = {{Springer-Verlag}},
}

@inproceedings{klein:sosp2009:sel4,
    author = {Klein, Gerwin and Elphinstone, Kevin and Heiser, Gernot and Andronick, June and Cock, David and Derrin, Philip and Elkaduwe, Dhammika and Engelhardt, Kai and Kolanski, Rafal and Norrish, Michael and Sewell, Thomas and Tuch, Harvey and Winwood, Simon},
    title = {{seL4: Formal Verification of an OS Kernel}},
    booktitle = {{Proceedings of the ACM SIGOPS Symposium on Operating Systems Principles (SOSP)}},
    year = {2009},
    address = {Big Sky, Montana, USA},
    pages = {207--220},
    numpages = {14},
    publisher = {{ACM}},
}

@article{leroy:cacm2009:compcert,
    author = {Leroy, Xavier},
    title = {{Formal Verification of a Realistic Compiler}},
    journal = {{Communications of the ACM}},
    volume = {52},
    number = {7},
    month = {July},
    year = {2009},
    pages = {107--115},
    numpages = {9},
    publisher = {{ACM}},
    address = {New York, NY, USA},
}

@inproceedings{robertson:2009:typing,
  title={{Static Enforcement of Web Application Integrity Through Strong Typing}},
  author={Robertson, W. and Vigna, G.},
  booktitle={{Proceedings of the USENIX Security Symposium}},
  pages={283--298},
  year={2009},
  organization={{USENIX Association}},
  address={{Montreal, QC, CA}},
}

@article{kruegel:jcn2005:webanomaly,
    author = {Christopher Kruegel and William Robertson and Giovanni Vigna},
    title = {{A Multi-model Approach to the Detection of Web-based Attacks}},
    journal = {{Journal of Computer Networks}},
    volume = {48},
    number = {5},
    month = {July},
    year = {2005},
    pages = {717--738},
    publisher = {{Elsevier}},
    address = {New York, NY, USA},
}

@article{ernst:2009:daikon,
    author = {Michael D. Ernst and Jeff H. Perkins and Philip J. Guo and Stephen McCamant and Carlos Pacheco and Matthew S. Tschantz and Chen Xiao},
    title = {{The Daikon System for Dynamic Detection of Likely Invariants}},
    journal = {{Science of Computer Programming}},
    volume = {69},
    number = {1--3},
    pages = {35--45},
    month = {December},
    year = {2007},
}

@inproceedings{wondracek:ndss2008:protocol,
    author = {Gilbert Wondracek and Paolo Milani Comparetti and Christopher Kruegel and Engin Kirda},
    title = {{Automatic Network Protocol Analysis}},
    booktitle = {{Proceedings of the Network and Distributed System Security Symposium}},
    year = {2008},
    month = {February},
    location = {San Diego, CA USA},
}

@inproceedings{caballero:ccs2007:polyglot,
    author = {Juan Caballero and Heng Yin and Zhenkai Liang and Dawn Song},
    title = {{Polyglot: AUtomatic Extraction of Protocol Message Format Using Dynamic Binary Analysis}},
    booktitle = {{Proceedings of the ACM Conference on Computer and Communications Security}},
    month = {October},
    year = {2007},
}

@inproceedings{newsome:ssp2005:filter,
    author = {James Newsome and Brad Karp and Dawn Song},
    title = {{Polygraph: Automatically Generating Signatures for Polymorphic Worms}},
    booktitle = {{Proceedings of the IEEE Symposium on Security and Privacy}},
    month = {May},
    year = {2005},
}

@inproceedings{brumley:csf2007:filter,
    author = {David Brumley and Hao Wang and Somesh Jha and Dawn Song},
    title = {{Creating Vulnerability Signatures Using Weakest Preconditions}},
    booktitle = {{Proceedings of the IEEE Computer Security Foundations Symposium}},
    year = {2007},
}

@inproceedings{brumley:ssp2006:filter,
    author = {David Brumley and James Newsome and Dawn Song and Hao Wang and Somesh Jha},
    title = {{Towards Automatic Generation of Vulnerability-based Signatures}},
    booktitle = {{Proceedings of the IEEE Symposium on Security and Privacy}},
    year = {2006},
    month = {May},
}

@inproceedings{molnar:ndss2008:fuzz,
    author = {Patrice Godefroid and Michael Levin and David Molnar},
    title = {{Automated Whitebox Fuzz Testing}},
    booktitle = {{Proceedings of the Network and Distributed System Security Symposium}},
    month = {February},
    year = {2008},
}

@inproceedings{cadar:osdi2008:klee,
    author = {Cristian Cadar and Daniel Dunbar and Dawson Engler},
    title = {{Klee: Unassisted and Automatic Generation of High-Coverage Tests for Complex Systems Programs}},
    booktitle = {{Proceedings of the USENIX Symposium on Operating System Design and Implementation}},
    year = {2008},
}

@inproceedings{cadar:ccs2006:exe,
    author = {Cristian Cadar and Vijay Ganesh and Peter Pawlowski and David Dill and Dawson Engler},
    title = {{EXE: A System for Automatically Generating Inputs of Death Using Symbolic Execution}},
    booktitle = {{Proceedings of the ACM Conference on Computer and Communications Security}},
    month = {October},
    year = {2006},
}

@inproceedings{saxena:ndss2010:flax,
    author = {Prateek Saxena and Steve Hanna and Pongsin Poosankam and Dawn Song},
    title = {{FLAX: Systematic Discovery of Client-Side Validation Vulnerabilities in Rich Web Applications}},
    booktitle = {{Proceedings of the Network and Distributed System Security Symposium}},
    year = {2010},
    month = {February},
}

@inproceedings{nguyen:ifip2005:taint,
    author = {Anh Nguyen-tuong and Salvatore Guarnieri and Doug Greene and Jeff Shirley and David Evans},
    title = {{Automatically Hardening Web Applications Using Precise Tainting}},
    booktitle = {{Proceedings of the IFIP International Information Security Conference}},
    year = {2005},
}

@inproceedings{halfond:fse2006:sqli,
    author = {William Halfond and Alessandro Orso and Panagiotis Manolios},
    title = {{Using Positive Tainting and Syntax-Aware Evaluation to Counter SQL Injection Attacks}},
    booktitle = {{Proceedings of the ACM SIGSOFT Symposium on Foundations of Software Engineering}},
    year = {2006},
}

@inproceedings{sharif:ssp2009:malware,
    author = {Monirul Sharif and Andrea Lanzi and Jonathon Giffin and Wenke Lee},
    title = {{Automatic Reverse Engineering of Malware Emulators}},
    booktitle = {{Proceedings of the IEEE Symposium on Security and Privacy}},
    year = {2009},
    month = {May},
}

@inproceedings{bayer:ndss2009:malware,
    author = {Ulrich Bayer and Paolo Milani Comparetti and Clemens Hlauschek and Christopher Kruegel and Engin Kirda},
    title = {{Scalable, Behavior-based Malware Clustering}},
    booktitle = {{Proceedings of the Netowrk and Distributed System Security Symposium}},
    year = {2009},
    month = {February},
}

@inproceedings{moser:ssp2007:malware,
    author = {Andreas Moser and Christopher Kruegel and Engin Kirda},
    title = {{Exploring Multiple Execution Paths for Malware Analysis}},
    booktitle = {{Proceedings of the IEEE Symposium on Security and Privacy}},
    year = {2007},
    month = {May},
}
